@misc{Wolfram-Alpha, title={Wolfram-Alpha},  url={https://www.wolframalpha.com},howpublished={\url{ https://www.wolframalpha.com}}, journal={Wolframalpha.com}, year={2022}, text={Wolfram-Alpha}},
@misc{math, title={Microsoft Math solver}, howpublished={\url{https://math.microsoft.com/en}}, url={https://math.microsoft.com/en}, journal={Microsoft Math Solver},
 year={n.d}},
@misc{revision, title={revisonmaths}, howpublished={\url{https://revisionmaths.com/advanced-level-maths-revision/advanced-level-pure-maths-section}}, journal={Revision Maths},
	year={2004}},
@misc{py, title={PySimpleGUI Cookbook}, howpublished={\url{https://pysimplegui.readthedocs.io/en/latest/}}, journal={PySimpleGUI docs},
	year={2022}, note={Retrieved on 24/02/2022}},
@misc{furthermaths, title={Further Maths Tutor}, howpublished={\url{https://furthermathstutor.co.uk}}, journal={Further Maths Tutor},
year={n.d}, note={Retrieved on 20/01/2022}},
@misc{atlassian, title={An introduction to code coverage}, howpublished={\url{https://www.atlassian.com/continuous-delivery/software-testing/code-coverage#:~:text=With%20that%20being%20said%20it,fairly%20low%20percentage%20of%20coverage.}}, journal={Atlassian}, author={Sten Pittet}, year={n.d}, note={Retrieved on 29/04/2022}}
