@misc{pyqt, 
	title={PyQt6 API documentation}, howpublished={\url{https://www.riverbankcomputing.com/static/Docs/PyQt6/}},
	journal={Reference Guide - PyQt Documentation v6.2.1},
	year={2021}},
 @misc{wolfram, title={Wolfram-Alpha}, howpublished={\url{https://www.wolframalpha.com/}}, journal={WolframAlpha computational knowledge AI}, year={2011}},
 @misc{math, title={Microsoft Math solver}, howpublished={\url{https://math.microsoft.com/en}}, journal={Microsoft Math Solver},
 year={2021}},
 @misc{revision, title={revisonmaths}, howpublished={\url{https://revisionmaths.com/}}, journal={Revision Maths},
	year={2015}}